@inbook{TC1,
publisher = {John Wiley & Sons, Ltd},
isbn = {9780471748823},
author={Thomas M. Cover, Joy A. Thomas},
title = {Elements of Information Theory},
chapter = {7},
pages = {183-241},
doi = {https://doi.org/10.1002/047174882X.ch7},
url = {https://onlinelibrary.wiley.com/doi/abs/10.1002/047174882X.ch7},
eprint = {https://onlinelibrary.wiley.com/doi/pdf/10.1002/047174882X.ch7},
year = {2005},
keywords = {channel capacity, channel coding theorem, zero-error codes},
abstract = {Summary This chapter contains sections titled: Examples of Channel Capacity Symmetric Channels Properties of Channel Capacity Preview of the Channel Coding Theorem Definitions Jointly Typical Sequences Channel Coding Theorem Zero-Error Codes Fano's Inequality and the Converse to the Coding Theorem Equality in the Converse to the Channel Coding Theorem Hamming Codes Feedback Capacity Source–Channel Separation Theorem Summary Problems Historical Notes}
}

@inbook{TC2,
publisher = {John Wiley & Sons, Ltd},
isbn = {9780471748823},
author={Thomas M. Cover, Joy A. Thomas},
title = {Elements of Information Theory},
chapter = {9},
pages = {261-299},
doi = {https://doi.org/10.1002/047174882X.ch9},
url = {https://onlinelibrary.wiley.com/doi/abs/10.1002/047174882X.ch9},
eprint = {https://onlinelibrary.wiley.com/doi/pdf/10.1002/047174882X.ch9},
year = {2005},
keywords = {Gaussian channel, parallel Gaussian channels, time-continuous Gaussian channel},
abstract = {Summary This chapter contains sections titled: Gaussian Channel: Definitions Converse to the Coding Theorem for Gaussian Channels Bandlimited Channels Parallel Gaussian Channels Channels with Colored Gaussian Noise Gaussian Channels with Feedback Summary Problems Historical Notes}
}

@inbook{TC3,
publisher = {John Wiley & Sons, Ltd},
isbn = {9780471748823},
title = {Elements of Information Theory},
author={Thomas M. Cover, Joy A. Thomas},
chapter = {15},
pages = {509-611},
doi = {https://doi.org/10.1002/047174882X.ch15},
url = {https://onlinelibrary.wiley.com/doi/abs/10.1002/047174882X.ch15},
eprint = {https://onlinelibrary.wiley.com/doi/pdf/10.1002/047174882X.ch15},
year = {2005},
keywords = {Gaussian multiple-user channels and network information theory, multiple-access channel, network information theory and multiterminal network},
abstract = {Summary This chapter contains sections titled: Gaussian Multiple-User Channels Jointly Typical Sequences Multiple-Access Channel Encoding of Correlated Sources Duality Between Slepian–Wolf Encoding and Multiple-Access Channels Broadcast Channel Relay Channel Source Coding with Side Information Rate Distortion with Side Information General Multiterminal Networks Summary Problems Historical Notes}
}

@article{shannon1948,
  title={A mathematical theory of communication},
  author={Shannon, Claude Elwood},
  journal={The Bell system technical journal},
  volume={27},
  number={3},
  pages={379--423},
  year={1948},
  publisher={Nokia Bell Labs}
}